<record><leader>00000cas a22000007a 4500</leader><controlfield tag="001">17863890</controlfield><controlfield tag="008">880428d19451971gauwr ne      0    0eng d</controlfield><datafield ind1=" " ind2=" " tag="010"><subfield code="a">sn 88054010 </subfield></datafield><datafield ind1=" " ind2=" " tag="040"><subfield code="a">NLG</subfield><subfield code="b">eng</subfield><subfield code="c">NLG</subfield><subfield code="d">GUA</subfield><subfield code="d">OCLCQ</subfield><subfield code="d">OCLCF</subfield><subfield code="d">OCLCO</subfield></datafield><datafield ind1="1" ind2=" " tag="029"><subfield code="a">AU@</subfield><subfield code="b">000026353980</subfield></datafield><datafield ind1=" " ind2=" " tag="042"><subfield code="a">msc</subfield></datafield><datafield ind1=" " ind2=" " tag="043"><subfield code="a">n-us-ga</subfield></datafield><datafield ind1="0" ind2="4" tag="245"><subfield code="a">The Cuthbert times.</subfield></datafield><datafield ind1=" " ind2=" " tag="260"><subfield code="a">Cuthbert, Ga. :</subfield><subfield code="b">John E. Minter, Jr.,</subfield><subfield code="c">[1945-1971]</subfield></datafield><datafield ind1=" " ind2=" " tag="310"><subfield code="a">Weekly</subfield></datafield><datafield ind1="0" ind2=" " tag="362"><subfield code="a">Vol. 55, no. 33 (Feb. 8, 1945)-Mar. 25, 1971.</subfield></datafield><datafield ind1=" " ind2=" " tag="515"><subfield code="a">Vol. 55, no. 33- called also New v. 1, no. 1-</subfield></datafield><datafield ind1=" " ind2=" " tag="515"><subfield code="a">Numeric designation discontinued with issue for Apr. 23, 1970.</subfield></datafield><datafield ind1=" " ind2=" " tag="530"><subfield code="a">Also on microfilm: Athens, Ga. : University of Georgia Libraries.</subfield></datafield><datafield ind1=" " ind2=" " tag="580"><subfield code="a">Merged with: News record (Fort Gaines, Ga.), to form: Cuthbert times and news record.</subfield></datafield><datafield ind1=" " ind2="0" tag="651"><subfield code="a">Cuthbert (Ga.)</subfield><subfield code="v">Newspapers.</subfield></datafield><datafield ind1=" " ind2="0" tag="651"><subfield code="a">Randolph County (Ga.)</subfield><subfield code="v">Newspapers.</subfield></datafield><datafield ind1=" " ind2="7" tag="655"><subfield code="a">Newspapers.</subfield><subfield code="2">fast</subfield><subfield code="0">(OCoLC)fst01423814</subfield></datafield><datafield ind1=" " ind2="7" tag="651"><subfield code="a">Georgia</subfield><subfield code="z">Cuthbert.</subfield><subfield code="2">fast</subfield><subfield code="0">(OCoLC)fst01216999</subfield></datafield><datafield ind1=" " ind2="7" tag="651"><subfield code="a">Georgia</subfield><subfield code="z">Randolph County.</subfield><subfield code="2">fast</subfield><subfield code="0">(OCoLC)fst01217183</subfield></datafield><datafield ind1=" " ind2=" " tag="752"><subfield code="a">United States</subfield><subfield code="b">Georgia</subfield><subfield code="c">Randolph</subfield><subfield code="d">Cuthbert.</subfield></datafield><datafield ind1="0" ind2="0" tag="780"><subfield code="t">Cuthbert leader and the liberal-enterprise</subfield><subfield code="w">(DLC)sn 88054009</subfield><subfield code="w">(OCoLC)17863847</subfield></datafield><datafield ind1="1" ind2="7" tag="785"><subfield code="t">News record (Fort Gaines, Ga.)</subfield><subfield code="w">(DLC)sn 89053027</subfield><subfield code="w">(OCoLC)19297900</subfield></datafield><datafield ind1="1" ind2="7" tag="785"><subfield code="t">Cuthbert times and news record</subfield><subfield code="w">(DLC)sn 88054011</subfield><subfield code="w">(OCoLC)17671202</subfield></datafield></record>